
@misc{wiki2019innerProd,
    author = "{Wikipedia contributors}",
    title = "Inner product space --- {Wikipedia}{,} The Free Encyclopedia",
    year = "2019",
    url = "https://en.wikipedia.org/w/index.php?title=Inner_product_space&oldid=889220737",
    note = "[Online; accessed 28-March-2019]"
}

@misc{wiki2019dotProd,  
    author = "{Wikipedia contributors}",
    title = "Dot product --- {Wikipedia}{,} The Free Encyclopedia",
    year = "2019",
    url = "https://en.wikipedia.org/w/index.php?title=Dot_product&oldid=887553882",
    note = "[Online; accessed 28-March-2019]"
}

@misc{wiki2019cosineSim,
    author = "{Wikipedia contributors}",
    title = "Cosine similarity --- {Wikipedia}{,} The Free Encyclopedia",
    year = "2019",
    url = "https://en.wikipedia.org/w/index.php?title=Cosine_similarity&oldid=886018786",
    note = "[Online; accessed 28-March-2019]"
}

@misc{wiki2019outerProd,
    author = "{Wikipedia contributors}",
    title = "Outer product --- {Wikipedia}{,} The Free Encyclopedia",
    year = "2019",
    url = "https://en.wikipedia.org/w/index.php?title=Outer_product&oldid=886026441",
    note = "[Online; accessed 28-March-2019]"
}

@misc{wiki2019hadamardProd,
    author = "{Wikipedia contributors}",
    title = "Hadamard product (matrices) --- {Wikipedia}{,} The Free Encyclopedia",
    year = "2019",
    url = "https://en.wikipedia.org/w/index.php?title=Hadamard_product_(matrices)&oldid=884602156",
    note = "[Online; accessed 28-March-2019]"
}

@misc{wiki2019tensorProd,
    author = "{Wikipedia contributors}",
    title = "Tensor product --- {Wikipedia}{,} The Free Encyclopedia",
    year = "2019",
    url = "https://en.wikipedia.org/w/index.php?title=Tensor_product&oldid=889702125",
    note = "[Online; accessed 29-March-2019]"
}

@article{plate1995holographic,
    title={Holographic reduced representations},
    author={Plate, Tony A},
    journal={IEEE Transactions on Neural networks},
    volume={6},
    number={3},
    pages={623--641},
    year={1995},
    publisher={IEEE}
}

@inproceedings{nickel2016holographic,
    title = {Holographic Embeddings of Knowledge Graphs},
    author = {Nickel, Maximilian and Rosasco, Lorenzo and Poggio, Tomaso},
    booktitle = {Proceedings of the Thirtieth AAAI Conference on Artificial Intelligence},
    year = {2016},
    pages = {1955--1961},
    numpages = {7},
    publisher = {AAAI Press},
}

@inproceedings{tay2017learning,
    title={Learning to rank question answer pairs with holographic dual LSTM architecture},
    author={Tay, Yi and Phan, Minh C and Tuan, Luu Anh and Hui, Siu Cheung},
    booktitle={Proceedings of the 40th International ACM SIGIR Conference on Research and Development in Information Retrieval},
    pages={695--704},
    year={2017},
    organization={ACM}
}

@inproceedings{dubois2017working,
    title={Working Memory Concept Encoding Using Holographic Reduced Representations.},
    author={DuBois, Grayson M and Phillips, Joshua L},
    booktitle={MAICS},
    pages={137--144},
    year={2017}
}













